<?xml version="1.0" encoding="UTF-8"?><collection xmlns="http://www.loc.gov/MARC21/slim"><record><leader>00596nam--2200205-u-4500</leader><controlfield tag="001">000053916</controlfield><controlfield tag="002">20161230</controlfield><controlfield tag="005">20161230201051</controlfield><controlfield tag="008">110707s1000------------r-----000-0-rus-d</controlfield><datafield ind1=" " ind2=" " tag="040"><subfield code="a">IFIN-HH</subfield></datafield><datafield ind1=" " ind2=" " tag="041"><subfield code="a">rus</subfield></datafield><datafield ind1=" " ind2=" " tag="080"><subfield code="a">537.226</subfield></datafield><datafield ind1="1" ind2=" " tag="100"><subfield code="a">Lines, M.E</subfield></datafield><datafield ind1="1" ind2="0" tag="245"><subfield code="a">Segnetoelektriki i rpdstvrnnie im materiali</subfield><subfield code="c">M.e. lines; a.m. glass</subfield></datafield><datafield ind1=" " ind2=" " tag="260"><subfield code="a">Moskva</subfield><subfield code="b">Mir</subfield><subfield code="c">1981</subfield></datafield><datafield ind1=" " ind2=" " tag="300"><subfield code="a">736P</subfield></datafield><datafield ind1=" " ind2=" " tag="500"><subfield code="a">Titlul Original In Limba Engleza: Principles And Application Of Ferroelectrics And Related Materials</subfield></datafield><datafield ind1="1" ind2=" " tag="700"><subfield code="a">Glass, A.M</subfield></datafield><datafield ind1=" " ind2=" " tag="852"><subfield code="a">49637</subfield><subfield code="c">537.226</subfield></datafield><datafield ind1=" " ind2=" " tag="CAT"><subfield code="a">Sys</subfield><subfield code="c">20110707</subfield><subfield code="h">100520</subfield></datafield></record></collection>